@article{Baker02limits,
 author = {Baker,, Simon and Kanade,, Takeo},
 title = {Limits on Super-Resolution and How to Break Them},
 journal = {IEEE Trans. Pattern Anal. Mach. Intell.},
 volume = {24},
 number = {9},
 year = {2002},
 issn = {0162-8828},
 pages = {1167--1183},
 publisher = {IEEE Computer Society},
 address = {Washington, DC, USA}
 }

@ARTICLE{Amintoosi09precise,
	AUTHOR =       {M. Amintoosi and M. Fathy and N. Mozayani},
	authorfa =     {م. امین‌طوسی and م. فتحی and م.مزینی},
	TITLE =        {Precise Image Registration with Structural Similarity Error Measurement Applied to Super-Resolution},
	JOURNAL =      {{EURASIP} {J}ournal on {A}dvances in {S}ignal {P}rocessing},
	Volume =         {2009},
	YEAR =         {2009},
	pages =        {7 pages},
	note =         {{A}rticle ID 305479},
	url = {http://www.hindawi.com/journals/asp/2009/305479.html}
}